@article{Massey1951,
author = {Massey, Frank J.},
doi = {10.1080/01621459.1951.10500769},
isbn = {0162-1459},
issn = {0162-1459},
journal = {Joirnal of the American Statistical Association},
language = {en},
mendeley-tags = {pd},
month = {apr},
pages = {68--78},
publisher = {Taylor {\&} Francis Group},
title = {{The Kolmogorov-Smirnov test for goodness of fit}},
volume = {56},
year = {1951}
}
@article{Jean2016,
author = {Jean, K{\'{e}}vin and Burnside, William R. and Carlson, Lynn and Smith, Katherine and Gu{\'{e}}gan, Jean-Fran{\c{c}}ois},
doi = {10.1111/geb.12393},
issn = {1466822X},
journal = {Global Ecology and Biogeography},
mendeley-tags = {pd},
month = {jan},
number = {1},
pages = {107--116},
title = {{An equilibrium theory signature in the island biogeography of human parasites and pathogens}},
volume = {25},
year = {2016}
}
@article{Shooner2015,
author = {Shooner, Stephanie and Chisholm, Chelsea and Davies, T. Jonathan},
doi = {10.1111/1365-2664.12517},
editor = {Kardol, Paul},
issn = {00218901},
journal = {Journal of Applied Ecology},
mendeley-tags = {pd},
month = {dec},
number = {6},
pages = {1509--1517},
title = {{The phylogenetics of succession can guide restoration: an example from abandoned mine sites in the subarctic}},
volume = {52},
year = {2015}
}
@article{Bengtsson2000,
author = {Bengtsson, Jan and Nilsson, Sven G and Franc, Alain and Menozzi, Paolo},
doi = {10.1016/S0378-1127(00)00378-9},
issn = {03781127},
journal = {Forest Ecology and Management},
mendeley-tags = {pd},
month = {jun},
number = {1},
pages = {39--50},
title = {{Biodiversity, disturbances, ecosystem function and management of European forests}},
volume = {132},
year = {2000}
}
@article{Richards1999,
author = {Richards, Shane A. and Possingham, Hugh P. and Tizard, James},
doi = {10.1890/1051-0761(1999)009[0880:OFMFMC]2.0.CO;2},
issn = {1051-0761},
journal = {Ecological Applications},
language = {en},
mendeley-tags = {pd},
month = {aug},
number = {3},
pages = {880--892},
publisher = {Ecological Society of America},
title = {{Optimal fire management for maintaining community diversity}},
volume = {9},
year = {1999}
}
@article{David2014,
author = {David, Lawrence A and Materna, Arne C and Friedman, Jonathan and Campos-Baptista, Maria I and Blackburn, Matthew C and Perrotta, Allison and Erdman, Susan E and Alm, Eric J},
doi = {10.1186/gb-2014-15-7-r89},
issn = {1465-6914},
journal = {Genome biology},
language = {En},
mendeley-tags = {pd},
month = {jan},
number = {7},
pages = {R89},
pmid = {25146375},
publisher = {BioMed Central},
title = {{Host lifestyle affects human microbiota on daily timescales.}},
volume = {15},
year = {2014}
}
@article{Emerson2008,
author = {Emerson, Brent C and Gillespie, Rosemary G},
doi = {10.1016/j.tree.2008.07.005},
issn = {0169-5347},
journal = {Trends in ecology {\&} evolution},
month = {nov},
number = {11},
pages = {619--30},
pmid = {18823678},
title = {{Phylogenetic analysis of community assembly and structure over space and time.}},
volume = {23},
year = {2008}
}
@misc{Sonderegger2012,
author = {Sonderegger, Derek},
mendeley-tags = {pd},
title = {{SiZer: Significant Zero Crossings}},
year = {2012}
}
@article{Caporaso2010,
author = {Caporaso, J Gregory and Kuczynski, Justin and Stombaugh, Jesse and Bittinger, Kyle and Bushman, Frederic D and Costello, Elizabeth K and Fierer, Noah and Pe{\~{n}}a, Antonio Gonzalez and Goodrich, Julia K and Gordon, Jeffrey I and Huttley, Gavin A and Kelley, Scott T and Knights, Dan and Koenig, Jeremy E and Ley, Ruth E and Lozupone, Catherine A and McDonald, Daniel and Muegge, Brian D and Pirrung, Meg and Reeder, Jens and Sevinsky, Joel R and Turnbaugh, Peter J and Walters, William A and Widmann, Jeremy and Yatsunenko, Tanya and Zaneveld, Jesse and Knight, Rob},
doi = {10.1038/nmeth.f.303},
issn = {1548-7105},
journal = {Nature methods},
mendeley-tags = {pd},
month = {may},
number = {5},
pages = {335--6},
pmid = {20383131},
publisher = {Nature Publishing Group},
shorttitle = {Nat Meth},
title = {{QIIME allows analysis of high-throughput community sequencing data.}},
volume = {7},
year = {2010}
}
@article{DeSantis2006,
author = {DeSantis, T Z and Hugenholtz, P and Larsen, N and Rojas, M and Brodie, E L and Keller, K and Huber, T and Dalevi, D and Hu, P and Andersen, G L},
doi = {10.1128/AEM.03006-05},
issn = {0099-2240},
journal = {Applied and environmental microbiology},
mendeley-tags = {pd},
month = {jul},
number = {7},
pages = {5069--72},
pmid = {16820507},
title = {{Greengenes, a chimera-checked 16S rRNA gene database and workbench compatible with ARB.}},
volume = {72},
year = {2006}
}
@article{Faith1992,
author = {Faith, Daniel P.},
doi = {10.1016/0006-3207(92)91201-3},
issn = {00063207},
journal = {Biological Conservation},
mendeley-tags = {pd},
month = {jan},
number = {1},
pages = {1--10},
title = {{Conservation evaluation and phylogenetic diversity}},
volume = {61},
year = {1992}
}
@article{Letcher2012,
author = {Letcher, Susan G. and Chazdon, Robin L.},
doi = {10.1111/j.1744-7429.2012.00865.x},
issn = {00063606},
journal = {Biotropica},
mendeley-tags = {pd},
month = {nov},
number = {6},
pages = {720--727},
title = {{Life History Traits of Lianas During Tropical Forest Succession}},
volume = {44},
year = {2012}
}
@article{Webb2002,
author = {Webb, Campbell O. and Ackerly, David D. and McPeek, Mark A. and Donoghue, Michael J.},
doi = {10.1146/annurev.ecolsys.33.010802.150448},
issn = {0066-4162},
journal = {Annual Review of Ecology and Systematics},
language = {en},
mendeley-tags = {pd},
month = {nov},
number = {1},
pages = {475--505},
publisher = {Annual Reviews  4139 El Camino Way, P.O. Box 10139, Palo Alto, CA 94303-0139, USA},
title = {{Phylogenies and Community Ecology}},
volume = {33},
year = {2002}
}
@article{Webb2000,
author = {Webb, C. O.},
doi = {10.1086/303378},
issn = {1537-5323},
journal = {The American naturalist},
language = {en},
mendeley-tags = {pd},
month = {aug},
number = {2},
pages = {145--155},
pmid = {10856198},
publisher = {The University of Chicago Press},
title = {{Exploring the Phylogenetic Structure of Ecological Communities: An Example for Rain Forest Trees.}},
volume = {156},
year = {2000}
}
@book{MacArthur1967,
author = {MacArthur, Robert H. and Wilson, Edward O.},
isbn = {1400875366},
mendeley-tags = {pd},
pages = {216},
publisher = {Princeton University Press},
title = {{Theory of Island Biogeography}},
year = {1967}
}
@article{Martiny2015,
author = {Martiny, J. B. H. and Jones, S. E. and Lennon, J. T. and Martiny, A. C.},
doi = {10.1126/science.aac9323},
issn = {0036-8075},
journal = {Science},
language = {en},
mendeley-tags = {pd},
month = {nov},
number = {6261},
pages = {aac9323--aac9323},
pmid = {26542581},
publisher = {American Association for the Advancement of Science},
title = {{Microbiomes in light of traits: A phylogenetic perspective}},
volume = {350},
year = {2015}
}
@article{Cho2012,
author = {Cho, Ilseung and Blaser, Martin J},
doi = {10.1038/nrg3182},
issn = {1471-0064},
journal = {Nature reviews. Genetics},
mendeley-tags = {pd},
month = {apr},
number = {4},
pages = {260--70},
pmid = {22411464},
publisher = {Nature Publishing Group, a division of Macmillan Publishers Limited. All Rights Reserved.},
shorttitle = {Nat Rev Genet},
title = {{The human microbiome: at the interface of health and disease.}},
volume = {13},
year = {2012}
}
@article{Caporaso2011,
author = {Caporaso, J Gregory and Lauber, Christian L and Costello, Elizabeth K and Berg-Lyons, Donna and Gonzalez, Antonio and Stombaugh, Jesse and Knights, Dan and Gajer, Pawel and Ravel, Jacques and Fierer, Noah and Gordon, Jeffrey I and Knight, Rob},
doi = {10.1186/gb-2011-12-5-r50},
issn = {1474-760X},
journal = {Genome biology},
mendeley-tags = {pd},
month = {jan},
number = {5},
pages = {R50},
pmid = {21624126},
title = {{Moving pictures of the human microbiome.}},
volume = {12},
year = {2011}
}
@article{Peterfreund2012,
author = {Peterfreund, Gregory L and Vandivier, Lee E and Sinha, Rohini and Marozsan, Andre J and Olson, William C and Zhu, Jun and Bushman, Frederic D},
doi = {10.1371/journal.pone.0046966},
issn = {1932-6203},
journal = {PloS one},
mendeley-tags = {pd},
month = {jan},
number = {10},
pages = {e46966},
pmid = {23071679},
publisher = {Public Library of Science},
title = {{Succession in the gut microbiome following antibiotic and antibody therapies for Clostridium difficile.}},
volume = {7},
year = {2012}
}
@article{Koenig2011,
author = {Koenig, Jeremy E and Spor, Aym{\'{e}} and Scalfone, Nicholas and Fricker, Ashwana D and Stombaugh, Jesse and Knight, Rob and Angenent, Largus T and Ley, Ruth E},
doi = {10.1073/pnas.1000081107},
issn = {1091-6490},
journal = {Proceedings of the National Academy of Sciences of the United States of America},
mendeley-tags = {pd},
month = {mar},
number = {Supplement{\_}1},
pages = {4578--85},
pmid = {20668239},
title = {{Succession of microbial consortia in the developing infant gut microbiome.}},
volume = {108 Suppl},
year = {2011}
}
@book{Hubbell2001,
author = {Hubbell, Stephen P.},
isbn = {0691021287},
mendeley-tags = {pd},
pages = {375},
publisher = {Princeton University Press},
title = {{The Unified Neutral Theory of Biodiversity and Biogeography (MPB-32)}},
year = {2001}
}
@article{Goberna2014,
author = {Goberna, Marta and Navarro-Cano, Jose A and Valiente-Banuet, Alfonso and Garc{\'{i}}a, Carlos and Verd{\'{u}}, Miguel},
doi = {10.1111/ele.12341},
issn = {1461-0248},
journal = {Ecology letters},
mendeley-tags = {pd},
month = {oct},
number = {10},
pages = {1191--201},
pmid = {25130277},
title = {{Abiotic stress tolerance and competition-related traits underlie phylogenetic clustering in soil bacterial communities.}},
volume = {17},
year = {2014}
}
@article{ODwyer2012,
author = {O'Dwyer, James P and Kembel, Steven W and Green, Jessica L},
doi = {10.1371/journal.pcbi.1002832},
issn = {1553-7358},
journal = {PLoS computational biology},
mendeley-tags = {pd},
month = {jan},
number = {12},
pages = {e1002832},
pmid = {23284280},
publisher = {Public Library of Science},
title = {{Phylogenetic diversity theory sheds light on the structure of microbial communities.}},
volume = {8},
year = {2012}
}
@book{Temperton2004,
author = {Temperton, Vicky M.},
isbn = {1559633751},
mendeley-tags = {pd},
pages = {439},
publisher = {Island Press},
title = {{Assembly Rules and Restoration Ecology: Bridging the Gap Between Theory and Practice}},
year = {2004}
}
@article{Palmer1997,
author = {Palmer, Margaret A. and Ambrose, Richard F. and Poff, N. LeRoy},
doi = {10.1046/j.1526-100X.1997.00543.x},
issn = {1061-2971},
journal = {Restoration Ecology},
mendeley-tags = {pd},
month = {dec},
number = {4},
pages = {291--300},
title = {{Ecological Theory and Community Restoration Ecology}},
volume = {5},
year = {1997}
}
@article{Westcott2015,
author = {Westcott, Sarah L and Schloss, Patrick D},
doi = {10.7717/peerj.1487},
issn = {2167-8359},
journal = {PeerJ},
pages = {e1487},
pmid = {26664811},
title = {{De novo clustering methods outperform reference-based methods for assigning 16S rRNA gene sequences to operational taxonomic units.}},
volume = {3},
year = {2015}
}
@article{Hardy2008,
author = {Hardy, Olivier J.},
doi = {10.1111/j.1365-2745.2008.01421.x},
issn = {00220477},
journal = {Journal of Ecology},
month = {sep},
number = {5},
pages = {914--926},
publisher = {Blackwell Publishing Ltd},
title = {{Testing the spatial phylogenetic structure of local communities: statistical performances of different null models and test statistics on a locally neutral community}},
volume = {96},
year = {2008}
}
@article{Schloss2011,
author = {Schloss, Patrick D and Westcott, Sarah L and Westcott},
doi = {10.1128/AEM.02810-10},
issn = {1098-5336},
journal = {Applied and environmental microbiology},
month = {may},
number = {10},
pages = {3219--26},
pmid = {21421784},
publisher = {American Society for Microbiology Journals},
title = {{Assessing and improving methods used in operational taxonomic unit-based approaches for 16S rRNA gene sequence analysis.}},
volume = {77},
year = {2011}
}
@article{Langille2013,
author = {Langille, Morgan G I and Zaneveld, Jesse and Caporaso, J Gregory and McDonald, Daniel and Knights, Dan and Reyes, Joshua A and Clemente, Jose C and Burkepile, Deron E and {Vega Thurber}, Rebecca L and Knight, Rob and Beiko, Robert G and Huttenhower, Curtis},
doi = {10.1038/nbt.2676},
issn = {1087-0156},
journal = {Nature Biotechnology},
month = {aug},
number = {9},
pages = {814--821},
publisher = {Nature Publishing Group},
title = {{Predictive functional profiling of microbial communities using 16S rRNA marker gene sequences}},
volume = {31},
year = {2013}
}
@article{Guittar2019,
author = {Guittar, John and Shade, Ashley and Litchman, Elena},
doi = {10.1038/s41467-019-08377-w},
issn = {20411723},
journal = {Nature Communications},
pmid = {30710083},
title = {{Trait-based community assembly and succession of the infant gut microbiome}},
year = {2019}
}
@article{Nelder1965,
author = {Nelder, J. A. and Mead, R.},
doi = {10.1093/comjnl/7.4.308},
issn = {0010-4620},
journal = {The Computer Journal},
month = {jan},
number = {4},
pages = {308--313},
publisher = {Oxford University Press},
title = {{A Simplex Method for Function Minimization}},
volume = {7},
year = {1965}
}
@book{Darwin1859,
address = {London},
author = {Darwin, Charles},
doi = {10.4324/9780203509104},
isbn = {9780203509104},
month = {nov},
publisher = {Murray},
title = {{On the Origin of Species, 1859}},
year = {1859}
}
@misc{Losos2008,
author = {Losos, Jonathan B.},
booktitle = {Ecology Letters},
doi = {10.1111/j.1461-0248.2008.01229.x},
isbn = {1461-0248 (Electronic)$\backslash$r1461-023X (Linking)},
issn = {1461023X},
pmid = {18673385},
title = {{Phylogenetic niche conservatism, phylogenetic signal and the relationship between phylogenetic relatedness and ecological similarity among species}},
year = {2008}
}
@article{Wiens2010,
author = {Wiens, John J. and Ackerly, David D. and Allen, Andrew P. and Anacker, Brian L. and Buckley, Lauren B. and Cornell, Howard V. and Damschen, Ellen I. and {Jonathan Davies}, T. and Grytnes, John-Arvid and Harrison, Susan P. and Hawkins, Bradford A. and Holt, Robert D. and McCain, Christy M. and Stephens, Patrick R.},
doi = {10.1111/j.1461-0248.2010.01515.x},
issn = {1461023X},
journal = {Ecology Letters},
month = {oct},
number = {10},
pages = {1310--1324},
publisher = {Blackwell Publishing Ltd},
title = {{Niche conservatism as an emerging principle in ecology and conservation biology}},
volume = {13},
year = {2010}
}
@article{Peay2012,
author = {Peay, Kabir G. and Belisle, Melinda and Fukami, Tadashi},
doi = {10.1098/rspb.2011.1230},
isbn = {1471-2954 (Electronic)$\backslash$r0962-8452 (Linking)},
issn = {14712970},
journal = {Proceedings of the Royal Society B: Biological Sciences},
pmid = {21775330},
title = {{Phylogenetic relatedness predicts priority effects in nectar yeast communities}},
year = {2012}
}
@article{Brown2018,
author = {Brown, Christopher T. and Xiong, Weili and Olm, Matthew R. and Thomas, Brian C. and Baker, Robyn and Firek, Brian and Morowitz, Michael J. and Hettich, Robert L. and Banfield, Jillian F.},
doi = {10.1128/MBIO.00441-18},
issn = {2150-7511},
journal = {mBio},
month = {may},
number = {2},
pages = {e00441--18},
pmid = {29636439},
publisher = {American Society for Microbiology},
title = {{Hospitalized Premature Infants Are Colonized by Related Bacterial Strains with Distinct Proteomic Profiles}},
volume = {9},
year = {2018}
}
@article{Fukami2015,
author = {Fukami, Tadashi},
doi = {10.1146/annurev-ecolsys-110411-160340},
isbn = {1543-592X},
issn = {1543-592X},
journal = {Annual Review of Ecology, Evolution, and Systematics},
pmid = {17235552},
title = {{Historical Contingency in Community Assembly: Integrating Niches, Species Pools, and Priority Effects}},
year = {2015}
}
@article{Callahan2017,
author = {Callahan, Benjamin J and McMurdie, Paul J and Holmes, Susan P},
doi = {10.1038/ismej.2017.119},
issn = {1751-7362},
journal = {The ISME Journal},
month = {jul},
publisher = {Nature Publishing Group},
title = {{Exact sequence variants should replace operational taxonomic units in marker-gene data analysis}},
year = {2017}
}
@article{Litvak2019,
author = {Litvak, Yael and B{\"{a}}umler, Andreas J.},
doi = {10.1371/journal.ppat.1007563},
editor = {Kline, Kimberly A.},
issn = {1553-7374},
journal = {PLOS Pathogens},
month = {feb},
number = {2},
pages = {e1007563},
publisher = {Public Library of Science},
title = {{The founder hypothesis: A basis for microbiota resistance, diversity in taxa carriage, and colonization resistance against pathogens}},
volume = {15},
year = {2019}
}
@article{CavenderBares2004,
author = {Cavender‐Bares, J. and Ackerly, D. D. and Baum, D. A. and Bazzaz, F. A.},
doi = {10.1086/386375},
issn = {0003-0147},
journal = {The American Naturalist},
title = {{Phylogenetic Overdispersion in Floridian Oak Communities}},
year = {2004}
}
@article{Nguyen2015,
author = {Nguyen, Lam Tung and Schmidt, Heiko A. and {Von Haeseler}, Arndt and Minh, Bui Quang},
doi = {10.1093/molbev/msu300},
isbn = {0737-4038},
issn = {15371719},
journal = {Molecular Biology and Evolution},
pmid = {25371430},
title = {{IQ-TREE: A fast and effective stochastic algorithm for estimating maximum-likelihood phylogenies}},
year = {2015}
}
@article{Vellend2010,
author = {Vellend, Mark},
doi = {10.1086/652373},
issn = {0033-5770},
journal = {The Quarterly Review of Biology},
month = {jun},
number = {2},
pages = {183--206},
title = {{Conceptual Synthesis in Community Ecology}},
volume = {85},
year = {2010}
}
@article{Hardy2007,
author = {Hardy, Olivier J. and Senterre, Bruno},
doi = {10.1111/j.1365-2745.2007.01222.x},
issn = {00220477},
journal = {Journal of Ecology},
title = {{Characterizing the phylogenetic structure of communities by an additive partitioning of phylogenetic diversity}},
year = {2007}
}
@article{Mahe2014,
author = {Mah{\'{e}}, Fr{\'{e}}d{\'{e}}ric and Rognes, Torbj{\o}rn and Quince, Christopher and de Vargas, Colomban and Dunthorn, Micah},
doi = {10.7717/peerj.593},
issn = {2167-8359},
journal = {PeerJ},
month = {sep},
pages = {e593},
publisher = {PeerJ Inc.},
title = {{Swarm: robust and fast clustering method for amplicon-based studies}},
volume = {2},
year = {2014}
}
@article{Washburne2017,
author = {Washburne, Alex D. and Silverman, Justin D. and Leff, Jonathan W. and Bennett, Dominic J. and Darcy, John L. and Mukherjee, Sayan and Fierer, Noah and David, Lawrence A.},
doi = {10.7717/peerj.2969},
issn = {2167-8359},
journal = {PeerJ},
month = {feb},
pages = {e2969},
publisher = {PeerJ Inc.},
title = {{Phylogenetic factorization of compositional data yields lineage-level associations in microbiome datasets}},
volume = {5},
year = {2017}
}
@article{Vazquez-Baeza2018,
author = {V{\'{a}}zquez-Baeza, Yoshiki and Callewaert, Chris and Debelius, Justine and Hyde, Embriette and Marotz, Clarisse and Morton, James T. and Swafford, Austin and Vrbanac, Alison and Dorrestein, Pieter C. and Knight, Rob},
doi = {10.1146/annurev-pharmtox-042017-031849},
issn = {0362-1642},
journal = {Annual Review of Pharmacology and Toxicology},
title = {{Impacts of the Human Gut Microbiome on Therapeutics}},
year = {2018}
}
@article{Boyd2010,
author = {Boyd, Eric S and Hamilton, Trinity L and Spear, John R and Lavin, Matthew and Peters, John W},
doi = {10.1038/ismej.2010.76},
issn = {1751-7362},
journal = {The ISME Journal},
month = {dec},
number = {12},
pages = {1485--1495},
pmid = {20535223},
title = {{[FeFe]-hydrogenase in Yellowstone National Park: evidence for dispersal limitation and phylogenetic niche conservatism}},
volume = {4},
year = {2010}
}
@article{Yassour2016,
archivePrefix = {arXiv},
arxivId = {15334406},
author = {Yassour, Moran and Vatanen, Tommi and Siljander, Heli and H{\"{a}}m{\"{a}}l{\"{a}}inen, Anu Maaria and H{\"{a}}rk{\"{o}}nen, Taina and Ryh{\"{a}}nen, Samppa J. and Franzosa, Eric A. and Vlamakis, Hera and Huttenhower, Curtis and Gevers, Dirk and Lander, Eric S. and Knip, Mikael and Xavier, Ramnik J.},
doi = {10.1126/scitranslmed.aad0917},
eprint = {15334406},
isbn = {1946-6242 (Electronic)$\backslash$r1946-6234 (Linking)},
issn = {19466242},
journal = {Science Translational Medicine},
pmid = {27306663},
title = {{Natural history of the infant gut microbiome and impact of antibiotic treatment on bacterial strain diversity and stability}},
year = {2016}
}
@article{Letcher2012a,
author = {Letcher, Susan G. and Chazdon, Robin L. and Andrade, Ana C.S. and Bongers, Frans and van Breugel, Michiel and Finegan, Bryan and Laurance, Susan G. and Mesquita, Rita C.G. and Mart{\'{i}}nez-Ramos, Miguel and Williamson, G. Bruce},
doi = {10.1016/j.ppees.2011.09.005},
issn = {14338319},
journal = {Perspectives in Plant Ecology, Evolution and Systematics},
mendeley-tags = {pd},
month = {apr},
number = {2},
pages = {79--87},
title = {{Phylogenetic community structure during succession: Evidence from three Neotropical forest sites}},
volume = {14},
year = {2012}
}
@article{Gerhold2015,
author = {Gerhold, Pille and Cahill, James F. and Winter, Marten and Bartish, Igor V. and Prinzing, Andreas},
doi = {10.1111/1365-2435.12425},
editor = {Venail, Patrick},
issn = {02698463},
journal = {Functional Ecology},
month = {may},
number = {5},
pages = {600--614},
title = {{Phylogenetic patterns are not proxies of community assembly mechanisms (they are far better)}},
volume = {29},
year = {2015}
}
@article{Zaneveld2010,
author = {Zaneveld, Jesse R. and Lozupone, Catherine and Gordon, Jeffrey I. and Knight, Rob},
doi = {10.1093/nar/gkq066},
isbn = {1362-4962 (Electronic)$\backslash$n0305-1048 (Linking)},
issn = {03051048},
journal = {Nucleic Acids Research},
number = {12},
pages = {3869--3879},
pmid = {20197316},
title = {{Ribosomal RNA diversity predicts genome diversity in gut bacteria and their relatives}},
volume = {38},
year = {2010}
}
@article{Verster2018,
author = {Verster, Adrian J. and Borenstein, Elhanan},
doi = {10.1186/s40168-018-0571-8},
issn = {20492618},
journal = {Microbiome},
title = {{Competitive lottery-based assembly of selected clades in the human gut microbiome}},
year = {2018}
}
@article{Matsen2013,
author = {Matsen, Frederick A. and Evans, Steven N. and Gilks, WR and Ghodsi, MR and Kingsford, C},
doi = {10.1371/journal.pone.0056859},
editor = {Moustafa, Ahmed},
issn = {1932-6203},
journal = {PLoS ONE},
month = {mar},
number = {3},
pages = {e56859},
publisher = {Public Library of Science},
title = {{Edge Principal Components and Squash Clustering: Using the Special Structure of Phylogenetic Placement Data for Sample Comparison}},
volume = {8},
year = {2013}
}
@misc{Sprockett2018,
author = {Sprockett, Daniel and Fukami, Tadashi and Relman, David A.},
booktitle = {Nature Reviews Gastroenterology and Hepatology},
doi = {10.1038/nrgastro.2017.173},
isbn = {1759-5053 (Electronic) 1759-5045 (Linking)},
issn = {17595053},
pmid = {29362469},
title = {{Role of priority effects in the early-life assembly of the gut microbiota}},
year = {2018}
}
@article{Li2016,
author = {Li, Simone S and Zhu, Ana and Benes, Vladimir and Costea, Paul I and Hercog, Rajna and Hildebrand, Falk and Huerta-Cepas, Jaime and Nieuwdorp, Max and Saloj{\"{a}}rvi, Jarkko and Voigt, Anita Y and Zeller, Georg and Sunagawa, Shinichi and de Vos, Willem M and Bork, Peer},
doi = {10.1126/science.aad8852},
issn = {1095-9203},
journal = {Science (New York, N.Y.)},
month = {apr},
number = {6285},
pages = {586--9},
pmid = {27126044},
publisher = {American Association for the Advancement of Science},
title = {{Durable coexistence of donor and recipient strains after fecal microbiota transplantation.}},
volume = {352},
year = {2016}
}
@article{Kennedy2016,
author = {Kennedy, Rebekah C and Fling, Russell R and Robeson, Michael S and Saxton, Arnold M and Donnell, Robert L and Darcy, John L and Bemis, David A and Liu, Jiang and Zhao, Ling and Chen, Jiangang},
doi = {10.1038/srep33430},
issn = {2045-2322},
journal = {Scientific reports},
pages = {33430},
pmid = {27646684},
publisher = {Nature Publishing Group},
title = {{Temporal Development of Gut Microbiota in Triclocarban Exposed Pregnant and Neonatal Rats.}},
volume = {6},
year = {2016}
}
@article{Frank2007,
archivePrefix = {arXiv},
arxivId = {arXiv:0805.0529v3},
author = {Frank, D. N. and Harpaz, N. and {St. Amand}, A. L. and Pace, N. R. and Feldman, R. A. and Boedeker, E. C.},
doi = {10.1073/pnas.0706625104},
eprint = {arXiv:0805.0529v3},
isbn = {0027-8424 (Print)$\backslash$r0027-8424 (Linking)},
issn = {0027-8424},
journal = {Proceedings of the National Academy of Sciences},
pmid = {17699621},
title = {{Molecular-phylogenetic characterization of microbial community imbalances in human inflammatory bowel diseases}},
year = {2007}
}
@article{Edgar2010,
author = {Edgar, Robert C},
doi = {10.1093/bioinformatics/btq461},
issn = {1367-4811},
journal = {Bioinformatics (Oxford, England)},
month = {oct},
number = {19},
pages = {2460--1},
pmid = {20709691},
title = {{Search and clustering orders of magnitude faster than BLAST.}},
volume = {26},
year = {2010}
}
@article{Ma2016,
author = {Ma, Chao and Li, Shao-peng and Pu, Zhichao and Tan, Jiaqi and Liu, Manqiang and Zhou, Jing and Li, Huixin and Jiang, Lin},
doi = {10.1098/rspb.2016.0663},
issn = {0962-8452},
journal = {Proceedings of the Royal Society B: Biological Sciences},
month = {sep},
number = {1838},
pages = {20160663},
publisher = {
The Royal Society
},
title = {{Different effects of invader–native phylogenetic relatedness on invasion success and impact: a meta-analysis of Darwin's naturalization hypothesis}},
volume = {283},
year = {2016}
}
@article{Nemergut2013,
author = {Nemergut, Diana R and Schmidt, Steven K and Fukami, Tadashi and O'Neill, Sean P and Bilinski, Teresa M and Stanish, Lee F and Knelman, Joseph E and Darcy, John L and Lynch, Ryan C and Wickey, Phillip and Ferrenberg, Scott},
doi = {10.1128/MMBR.00051-12},
issn = {1098-5557},
journal = {Microbiology and molecular biology reviews : MMBR},
keywords = {Biodiversity,Ecosystem,Microbiology},
month = {sep},
number = {3},
pages = {342--56},
pmid = {24006468},
title = {{Patterns and processes of microbial community assembly.}},
volume = {77},
year = {2013}
}
@article{Nemergut2016,
annote = {NULL},
author = {Nemergut, Diana R and Knelman, Joseph E and Ferrenberg, Scott and Bilinski, Teresa and Melbourne, Brett and Jiang, Lin and Violle, Cyrille and Darcy, John L and Prest, Tiffany and Schmidt, Steven K and Townsend, Alan R},
doi = {10.1038/ismej.2015.191},
issn = {1751-7362},
journal = {The ISME Journal},
month = {may},
number = {5},
pages = {1147--1156},
publisher = {Nature Publishing Group},
title = {{Decreases in average bacterial community rRNA operon copy number during succession}},
volume = {10},
year = {2016}
}
@article{Lozupone2005,
author = {Lozupone, Catherine and Knight, Rob},
doi = {10.1128/AEM.71.12.8228},
isbn = {0099-2240 (Print)$\backslash$n0099-2240 (Linking)},
issn = {0099-2240},
journal = {Applied and environmental microbiology},
mendeley-groups = {Toklat{\_}top},
number = {12},
pages = {8228--8235},
pmid = {16332807},
title = {{UniFrac : a New Phylogenetic Method for Comparing Microbial Communities UniFrac : a New Phylogenetic Method for Comparing Microbial Communities}},
volume = {71},
year = {2005}
}
@article{Edgar2016,
author = {Edgar, Robert C},
journal = {bioRxiv},
title = {{UNOISE2: improved error-correction for Illumina 16S and ITS amplicon sequencing}},
url = {http://www.biorxiv.org/content/early/2016/10/15/081257},
year = {2016}
}
@article{Rognes2016,
author = {Rognes, Torbj{\o}rn and Flouri, Tom{\'{a}}{\v{s}} and Nichols, Ben and Quince, Christopher and Mah{\'{e}}, Fr{\'{e}}d{\'{e}}ric},
doi = {10.7287/peerj.preprints.2409v1},
isbn = {2167-8359},
issn = {2167-9843},
journal = {PeerJ},
pages = {e2409v1},
pmid = {27781170},
title = {{VSEARCH: a versatile open source tool for metagenomics}},
volume = {4},
year = {2016}
}
@article{Pruesse2012,
author = {Pruesse, Elmar and Peplies, J{\"{o}}rg and Gl{\"{o}}ckner, Frank Oliver},
doi = {10.1093/bioinformatics/bts252},
isbn = {1367-4803},
issn = {13674803},
journal = {Bioinformatics},
number = {14},
pages = {1823--1829},
pmid = {22556368},
title = {{SINA: Accurate high-throughput multiple sequence alignment of ribosomal RNA genes}},
volume = {28},
year = {2012}
}
